<record><leader>00000cas a22000007a 4500</leader><controlfield tag="001">24335647</controlfield><controlfield tag="008">910905d188618uuohumr ne      0    0eng d</controlfield><datafield ind1=" " ind2=" " tag="010"><subfield code="a">sn 91069842 </subfield></datafield><datafield ind1=" " ind2=" " tag="040"><subfield code="a">ONP</subfield><subfield code="b">eng</subfield><subfield code="c">ONP</subfield><subfield code="d">OCLCQ</subfield></datafield><datafield ind1=" " ind2=" " tag="042"><subfield code="a">msc</subfield></datafield><datafield ind1="0" ind2=" " tag="130"><subfield code="a">Monthly gazette (Garrettsville, Ohio)</subfield></datafield><datafield ind1="1" ind2="0" tag="245"><subfield code="a">Monthly gazette.</subfield></datafield><datafield ind1=" " ind2=" " tag="260"><subfield code="a">[Garrettsville, Ohio] :</subfield><subfield code="b">Saturday Item and the Gazette</subfield></datafield><datafield ind1=" " ind2=" " tag="300"><subfield code="a">v.</subfield></datafield><datafield ind1=" " ind2=" " tag="310"><subfield code="a">Monthly</subfield></datafield><datafield ind1="1" ind2=" " tag="362"><subfield code="a">Began with Aug. 1886 issue.</subfield></datafield><datafield ind1=" " ind2=" " tag="500"><subfield code="a">Miniature format.</subfield></datafield><datafield ind1=" " ind2=" " tag="588"><subfield code="a">Description based on: Vol. 1, no. 9 (Apr. 1887).</subfield></datafield><datafield ind1=" " ind2="4" tag="651"><subfield code="a">Garrettsville (Ohio)</subfield><subfield code="v">Newspapers.</subfield></datafield><datafield ind1=" " ind2="4" tag="651"><subfield code="a">Portage County (Ohio)</subfield><subfield code="v">Newspapers.</subfield></datafield><datafield ind1=" " ind2=" " tag="752"><subfield code="a">United States</subfield><subfield code="b">Ohio</subfield><subfield code="c">Portage</subfield><subfield code="d">Garrettsville.</subfield></datafield><datafield ind1="0" ind2=" " tag="775"><subfield code="t">Gazette</subfield></datafield><datafield ind1="0" ind2=" " tag="775"><subfield code="t">Saturday item (Garrettsville, Ohio)</subfield><subfield code="w">(DLC)sn 84028027</subfield></datafield><datafield ind1="1" ind2=" " tag="029"><subfield code="a">AU@</subfield><subfield code="b">000025868052</subfield></datafield></record>